@book{textbook,
  author = "R.Čiegis and V.Būda",
  title = "Skaičiuojamoji matematika",
  year = "1997",
  publisher = "TEV",
  location = "Vilnius",
  }

@book{textbook-differential-equations,
  author = "R.Čiegis",
  title = "Diferencialinių lygčių skaitiniai sprendimo metodai",
  year = "2003",
  publisher = "Technika",
  location = "Vilnius",
  }
